@book{robert2013stochastic,
  title={Stochastic networks and queues},
  author={Robert, Philippe},
  volume={52},
  year={2013},
  publisher={Springer Science \& Business Media}
}

@article{fricker2007fluid,
  title={On the fluid limit of the M/G/$\infty$ queue},
  author={Fricker, Christine and Ja{\"\i}bi, M Raouf},
  journal={Queueing Systems},
  volume={56},
  pages={255--265},
  year={2007},
  publisher={Springer}
}